<record><leader>00000cas a22000007a 4500</leader><controlfield tag="001">12718008</controlfield><controlfield tag="008">851025d18681868ncuwr ne      0    0eng d</controlfield><datafield ind1=" " ind2=" " tag="010"><subfield code="a">sn 85026886 </subfield></datafield><datafield ind1=" " ind2=" " tag="040"><subfield code="a">NPX</subfield><subfield code="b">eng</subfield><subfield code="c">NPX</subfield><subfield code="d">DLC</subfield><subfield code="d">NVJ</subfield><subfield code="d">OCLCG</subfield><subfield code="d">DLC</subfield><subfield code="d">OCLCF</subfield></datafield><datafield ind1="1" ind2=" " tag="029"><subfield code="a">AU@</subfield><subfield code="b">000025831400</subfield></datafield><datafield ind1=" " ind2=" " tag="042"><subfield code="a">msc</subfield></datafield><datafield ind1=" " ind2=" " tag="043"><subfield code="a">n-us-nc</subfield></datafield><datafield ind1="0" ind2="0" tag="050"><subfield code="a">Newspaper</subfield></datafield><datafield ind1="0" ind2="4" tag="245"><subfield code="a">The Holden record.</subfield></datafield><datafield ind1=" " ind2=" " tag="260"><subfield code="a">Raleigh, N.C. :</subfield><subfield code="b">H.H. Helper</subfield></datafield><datafield ind1=" " ind2=" " tag="300"><subfield code="a">v.</subfield></datafield><datafield ind1=" " ind2=" " tag="310"><subfield code="a">Weekly</subfield></datafield><datafield ind1="0" ind2=" " tag="362"><subfield code="a">No. 1 (Mar. 12, 1868)-no. 6 (Apr. 16, 1868).</subfield></datafield><datafield ind1=" " ind2=" " tag="500"><subfield code="a">Campaign paper, opposing William Woods Holden, and supporting Daniel Reaves Goodloe, for governor.</subfield></datafield><datafield ind1="1" ind2="0" tag="600"><subfield code="a">Holden, W. W.</subfield><subfield code="q">(William Woods),</subfield><subfield code="d">1818-1892.</subfield></datafield><datafield ind1="1" ind2="0" tag="600"><subfield code="a">Goodloe, Daniel R.</subfield><subfield code="q">(Daniel Reaves),</subfield><subfield code="d">1814-1902.</subfield></datafield><datafield ind1=" " ind2="0" tag="651"><subfield code="a">Raleigh (N.C.)</subfield><subfield code="v">Newspapers.</subfield></datafield><datafield ind1=" " ind2="7" tag="655"><subfield code="a">Newspapers.</subfield><subfield code="2">fast</subfield><subfield code="0">(OCoLC)fst01423814</subfield></datafield><datafield ind1="1" ind2="7" tag="600"><subfield code="a">Goodloe, Daniel R.</subfield><subfield code="q">(Daniel Reaves),</subfield><subfield code="d">1814-1902.</subfield><subfield code="2">fast</subfield><subfield code="0">(OCoLC)fst00241847</subfield></datafield><datafield ind1="1" ind2="7" tag="600"><subfield code="a">Holden, W. W.</subfield><subfield code="q">(William Woods),</subfield><subfield code="d">1818-1892.</subfield><subfield code="2">fast</subfield><subfield code="0">(OCoLC)fst00113296</subfield></datafield><datafield ind1=" " ind2="7" tag="651"><subfield code="a">North Carolina</subfield><subfield code="z">Raleigh.</subfield><subfield code="2">fast</subfield><subfield code="0">(OCoLC)fst01206341</subfield></datafield><datafield ind1=" " ind2=" " tag="752"><subfield code="a">United States</subfield><subfield code="b">North Carolina</subfield><subfield code="c">Wake</subfield><subfield code="d">Raleigh.</subfield></datafield></record>